% Sites

@misc{stereolabs_docs,
    title = {StereoLabs Documentation},
    howpublished = {\url{https://www.stereolabs.com/docs}},
    note = {Consulté le 24/01/2024}
}

@misc{stereolabs_linux_installation,
    title = {Installation Linux - StereoLabs Documentation},
    howpublished = {\url{https://www.stereolabs.com/docs/installation/linux}},
    note = {Consulté le 24/01/2024}
}

@misc{zed_python_api,
    title = {ZED Python API},
    howpublished = {\url{https://github.com/stereolabs/zed-python-api}},
    note = {Consulté le 24/01/2024}
}

@misc{zed_sdk,
    title = {ZED SDK},
    howpublished = {\url{https://github.com/stereolabs/zed-sdk}},
    note = {Consulté le 24/01/2024}
}

@misc{stereolabs_opencv_python,
    title = {OpenCV Python - StereoLabs Documentation},
    howpublished = {\url{https://www.stereolabs.com/docs/opencv/python}},
    note = {Consulté le 24/01/2024}
}

@misc{stereolabs_opencv_zed,
    title = {ZED + OpenCV - StereoLabs Documentation},
    howpublished = {\url{https://github.com/stereolabs/zed-opencv/tree/master}},
    note = {Consulté le 24/01/2024}
}

@misc{kinect_wikipedia,
    title = {Kinect - Wikipedia},
    howpublished = {\url{https://fr.wikipedia.org/wiki/Kinect}},
    note = {Consulté le 14/03/2024}
}

@misc{kinect_download,
    title = {Microsoft Kinect SDK},
    howpublished = {\url{https://www.microsoft.com/en-us/download/details.aspx?id=40278}},
    note = {Consulté le 14/03/2024}
}

@misc{ros_eloquent,
    title = {ROS 2 Documentation - Eloquent},
    howpublished = {\url{https://docs.ros.org/en/eloquent/index.html}},
    note = {Consulté le 14/03/2024}
}

@misc{stereolabs_ros2,
    title = {StereoLabs ROS2 Documentation},
    howpublished = {\url{https://www.stereolabs.com/docs/ros2}},
    note = {Consulté le 14/03/2024}
}

@misc{turtle_sim_ros2,
    title = {Turtle sim Tutoriel},
    howpublished = {\url{https://docs.ros.org/en/humble/Tutorials/Beginner-CLI-Tools/Introducing-Turtlesim/Introducing-Turtlesim.html}},
    note = {Consulté le 14/03/2024}
}

@misc{stereolabs_api_python,
    title = {StereoLabs Python API},
    howpublished = {\url{https://www.stereolabs.com/docs/api/python}},
    note = {Consulté le 28/03/2024}
}

@misc{stereolabs_spatial_mapping,
    title = {StereoLabs Spatial Mapping},
    howpublished = {\url{https://www.stereolabs.com/docs/spatial-mapping/using-mapping}},
    note = {Consulté le 28/03/2024}
}

@misc{lumiere_structuree,
    title = {Lumière structurée},
    howpublished = {\url{https://www.artec3d.com/fr/learning-center/structured-light-3d-scanning}},
    note = {Consulté le 10/03/2024}
}

@misc{stereovision,
    title = {Stéréovision},
    howpublished = {\url{https://members.loria.fr/MOBerger/Enseignement/ENSG/stereovision.pdf}},
    note = {Consulté le 26/02/2024}
}

@misc{balayage_laser,
    title = {Balayage laser},
    howpublished = {\url{https://www.scanphase.com/escanner-laser}},
    note = {Consulté le 10/04/2024}
}

@misc{kitti_dataset,
    title = {KITTI Dataset},
    howpublished = {\url{https://www.cvlibs.net/datasets/kitti/raw_data.php}},
    note = {Consulté le 03/04/2024}
}

@misc{kitti_pcl,
    title = {KITTI Point Cloud Library},
    howpublished = {\url{https://github.com/yanii/kitti-pcl}},
    note = {Consulté le 03/04/2024}
}

@misc{kitti_motion_compensation,
    title = {KITTI Motion Compensation},
    howpublished = {\url{https://github.com/fracgawd/kitti_motion_compensation}},
    note = {Consulté le 10/04/2024}
}

@misc{kitti_pykitti,
    title = {Module python pykitti},
    howpublished = {\url{https://github.com/utiasSTARS/pykitti}},
    note = {Consulté le 10/04/2024}
}

@misc{skanect,
    title = {Logiciel Skanect},
    howpublished = {\url{https://structure.io/skanect}},
    note = {Consulté le 20/03/2024}
}

@misc{lidarview,
    title = {Logiciel LidarView},
    howpublished = {\url{https://lidarview.kitware.com/}},
    note = {Consulté le 10/04/2024}
}



% Articles

@article{Geiger2013IJRR,
  author = {Andreas Geiger and Philip Lenz and Christoph Stiller and Raquel Urtasun},
  title = {Vision meets Robotics: The KITTI Dataset},
  journal = {International Journal of Robotics Research (IJRR)},
  year = {2013},
  url = {https://www.cvlibs.net/publications/Geiger2013IJRR.pdf},
  urldate = {03/04/2024}
}